@misc{Google,
  title = {{Google API} Developer documentaion},
  howpublished = {\url{https://developers.google.com/maps/documentation/}},
  note = {Accessed: 2015-04}
}